@String{pub-AW          = "Ad{\-d}i{\-s}on-Wes{\-l}ey"}
@String{pub-AW:adr      = "Reading, MA, USA"}

@article{ESPN,
    author = "Michael Cox",
    title = "{The Premier League at 25: How it became the world's most popular}",
    journal = "ESPN",
    year = "2017"
}

@article{Euro2016-1,
    author = "{Maryam Tavakol, Hamid Zafartavanaelmi, and Ulf Brefeld}",
    title = "{Discovering the Determinant Features using Regression for Predicting Euro 2016}",
    year = "2016"
}

@article{Euro2016-2,
    author = "Jan Lasek",
    title = "{Euro 2016 Predictions Using Team Rating Systems}",
    year = "2016"
}

@article{shapley,
    author = "Lundberg S.M., Erion G.G. and Lee S.",
    title = "{Consistent Individualized Feature Attribution for Tree Ensembles}",
    adress = "University of Washington",
    year = "2019",
    url = "https://arxiv.org/pdf/1802.03888.pdf"
}

@misc{Wiki:Feature,
    author = "{Wikipedia contributors}",
    title = "Feature (machine learning) --- {Wikipedia}{,} The Free Encyclopedia",
    year = "2020",
    url = "https://en.wikipedia.org/wiki/Feature_(machine_learning)",
    note = "[Online; accessed 28-December-2020]"
  }
  
@misc{Wiki:SVM,
    author = "{Wikipedia contributors}",
    title = "Support vector machine --- {Wikipedia}{,} The Free Encyclopedia",
    year = "2020",
    url = "https://en.wikipedia.org/wiki/Support_vector_machine",
    note = "[Online; accessed 29-December-2020]"
  }
  
@misc{Prezentacja:SVM2,
    author = "Jerzy Stefanowski",
    title = "SVM – Support Vector Machines. Metoda wektorów nośnych.",
    year = "2010",
    url = "http://www.cs.put.poznan.pl/jstefanowski/ml/SVM.pdf",
    note = "[Online; accessed 29-December-2020]" }
    
@misc{Prezentacja:SNN,
    author = "Jerzy Stefanowski",
    title = "Sztuczne sieci neuronowe.",
    year = "2008",
    url = "http://www.cs.put.poznan.pl/jstefanowski/aed/TPDANN.pdf",
    note = "[Online; accessed 29-December-2020]" }
    
@misc{Wiki:SNN,
    author = "{Wikipedia contributors}",
    title = "Sieć neuronowa --- {Wikipedia}{,} The Free Encyclopedia",
    year = "2020",
    url = "https://pl.wikipedia.org/wiki/Sie%C4%87_neuronowa",
    note = "[Online; accessed 29-December-2020]"
  }
  
@Book{Widrow,
  author =       "Widrow B., Hoff M.E.",
  title =        "Biological Prototypes and Synthetic Systems",
  publisher =    "Springer, Boston, MA",
  address =      "Stanford, USA",
  year =         "1962",
  isbn_online =   "978-1-4684-1716-6",
  isbn_print =   "978-1-4684-1718-0"
}

@Book{Rumelhart,
  author =       "Rumelhart D.E., McClelland J.L.",
  title =        "Explorations in Parallel Distributed Processing: A Handbook of Models, Programs, and Exercises",
  publisher =    "MIT Press",
  address =      "55 Hayward St.CambridgeMAUnited States",
  year =         "1988",
  ISBN = "978-0-262-63113-6"
}
@Book{Mitchell,
  author =       "Mitechell T. ",
  title =        "Machine Learning",
  publisher =    "McGraw-Hill Education",
  year =         "1997",
  ISBN_10 = "0070428077",
  isbn_13 = "978-0070428072"
}
  
@article{gradient,
    author = "{Glorot X., Bengio Y.}",
    title = "{Understanding the Difficulty of Training Deep Feedforward Neural Networks}",
    year = "2010",
    note = " Proceedings of the 13th International Conference on Artificial Intelligence and Statistics"
}